https://yushchuk.livejournal.com/1451268.html
https://itsecforu.ru/2019/09/05/üß™-7-–ø–æ–ø—É–ª—è—Ä–Ω—ã—Ö-–∏–Ω—Å—Ç—Ä—É–º–µ–Ω—Ç–æ–≤-osint-—Å-–æ—Ç–∫—Ä—ã—Ç/
http://samag.ru/archive/article/3714
https://www.anti-malware.ru/analytics/Threats_Analysis/Shodan
https://kali.tools/?p=2286#:~:text=theHarvester%20‚Äî%20—ç—Ç–æ%20–∏–Ω—Å—Ç—Ä—É–º–µ–Ω—Ç%20–¥–ª—è%20—Å–±–æ—Ä–∞,—Å–∏—Å—Ç–µ–º—ã%2C%20—Å–µ—Ä–≤–µ—Ä–∞%20–∫–ª—é—á–µ–π%20pgp).
https://ru.wikipedia.org/wiki/Google_hacking
https://habr.com/ru/post/73306/
https://ai-news.ru/2019/09/spiderfoot_osint_automation.html#:~:text=SpiderFoot%20‚Äî%20—ç—Ç–æ%20–∏–Ω—Å—Ç—Ä—É–º–µ–Ω—Ç%20—Å%20–æ—Ç–∫—Ä—ã—Ç—ã–º,—Å–±–æ—Ä–∞%20–∏–Ω—Ñ–æ—Ä–º–∞—Ü–∏–∏%20–æ%20–∑–∞–¥–∞–Ω–Ω–æ–π%20—Ü–µ–ª–∏.
https://www.geocreepy.com


@misc{yushchuk,
    author          = "–î–∑—é–±–∞ –û–ª—å–≥–∞",
    title           = "OSINT: —á—Ç–æ —ç—Ç–æ, –∫–æ–º—É –æ–Ω –Ω—É–∂–µ–Ω, –∫–∞–∫–∏–µ –º–µ—Ç–æ–¥—ã —Å–±–æ—Ä–∞ –∏ —Ç–∏–ø—ã –∏–Ω—Ñ–æ—Ä–º–∞—Ü–∏–∏ –∏—Å–ø–æ–ª—å–∑—É–µ—Ç?",
    howpublished    = "",
    month           = "–ê–≤–≥—É—Å—Ç", 
    year            = "2020",
    note            = "",
    url             = "https://yushchuk.livejournal.com/1451268.html"
}

misc{itsecforu,
    author          = "itsecforu",
    title           = "Title",
    howpublished    = "",
    month           = "October", 
    year            = "2021",
    note            = "",
    url             = "https://itsecforu.ru/2019/09/05/7-–ø–æ–ø—É–ª—è—Ä–Ω—ã—Ö-–∏–Ω—Å—Ç—Ä—É–º–µ–Ω—Ç–æ–≤-osint-—Å-–æ—Ç–∫—Ä—ã—Ç/"
}

misc{samag,
    author          = "–ê–Ω—Ç–æ–Ω –ö–∞—Ä–µ–≤",
    title           = "SHODAN: –°–ê–ú–´–ô –°–¢–†–ê–®–ù–´–ô –ü–û–ò–°–ö–û–í–ò–ö –ò–ù–¢–ï–†–ù–ï–¢–ê",
    howpublished    = "",
    month           = "", 
    year            = "2018",
    note            = "",
    url             = "http://samag.ru/archive/article/3714"
}

misc{antimalware,
    author          = "–ò–≤–∞–Ω –®–∞–≥–∞–µ–≤",
    title           = "–ü–æ–∏—Å–∫–æ–≤–∞—è —Å–∏—Å—Ç–µ–º–∞ Shodan –Ω–µ —Ç–æ, —á–µ–º –∫–∞–∂–µ—Ç—Å—è",
    howpublished    = "",
    month           = "–ú–∞–π", 
    year            = "2018",
    note            = "",
    url             = "https://www.anti-malware.ru/analytics/Threats_Analysis/Shodan"
}

misc{kalitools,
    author          = "kali.tools",
    title           = "theHarvester",
    howpublished    = "",
    month           = "", 
    year            = "",
    note            = "",
    url             = "https://kali.tools/?p=2286##:~:text=theHarvester"
}

@misc{googleHackingWikipedia,
    author          = "ru.wikipedia.org",
    title           = "Google hacking",
    howpublished    = "",
    month           = "–ù–æ—è–±—Ä—å", 
    year            = "2020",
    note            = "",
    url             = "https://ru.wikipedia.org/wiki/Google_hacking"
}

@misc{maltegohabr,
    author          = "–ò–≥–æ—Ä—å –û–ø–∞–Ω—é–∫",
    title           = "Maltego. –ù–∞—Ä–æ–µ—Ç –≤—Å–µ",
    howpublished    = "",
    month           = "October", 
    year            = "2009",
    note            = "",
    url             = "https://habr.com/ru/post/73306/"
}

misc{ainews,
    author          = "https://www.spiderfoot.net/",
    title           = "SpiderFoot: OSINT Automation",
    howpublished    = "",
    month           = "–°–µ–Ω—Ç—è–±—Ä—å", 
    year            = "2019",
    note            = "",
    url             = "https://ai-news.ru/2019/09/spiderfoot_osint_automation.html##:~:text=SpiderFoot"
}

misc{geocreepy,
    author          = "geocreepy",
    title           = "Creepy",
    howpublished    = "",
    month           = "", 
    year            = "",
    note            = "",
    url             = "https://www.geocreepy.com"
}

@misc{awesomeOsint,
  author       = "https://jivoi.github.io/",
  title        = "Awesome OSINT",
  howpublished = {},
  year         = 2021,
  url          = "https://github.com/jivoi/awesome-osint",
}

@misc{spyNetGoogleDorks,
  author       = {Kozhuh},
  title        = {–ß—Ç–æ —Ç–∞–∫–æ–µ Google Dorks?},
  howpublished = {},
  year         = {},
  url          = {https://spy-soft.net/gugl-dorki/},
}

@misc{carrot2wikipedia,
  author       = {en.wikipedia.org},
  title        = {Carrot2},
  howpublished = {},
  month        = {–ú–∞—Ä—Ç},
  year         = {2021},
  url          = {https://en.wikipedia.org/wiki/Carrot2},
}

@misc{yippywikipedia,
  author       = {en.wikipedia.org},
  title        = {Yippy},
  howpublished = {},
  month        = {–§–µ–≤—Ä–∞–ª—å},
  year         = {2021},
  url          = {https://en.wikipedia.org/wiki/Yippy},
}

@misc{scrapyArchitecture,
  author       = {Scrapy Developers},
  title        = {Architecture overview},
  howpublished = {},
  month        = {–ê–ø—Ä–µ–ª—å},
  year         = {2021},
  url          = {https://docs.scrapy.org/en/latest/topics/architecture.html},
}

@misc{cssXpathSelectors,
  author       = {Matthew Heusser},
  title        = {Selenium Tips: CSS Selectors},
  howpublished = {},
  month        = {–ê–≤–≥—É—Å—Ç},
  year         = {2020},
  url          = {https://saucelabs.com/resources/articles/selenium-tips-css-selectors},
}

@book{scrapyBook,
  author         = {Dimitrios Kouzis-Loukas},
  editor         = {},
  title          = {Learning Scrapy: Learn the art of effi cient web scraping and crawling with Python},
  publisher      = {Packt Publishing},
  year           = {2016},
  pages          = {198-210},
}

@book{mongoDBBook,
  author         = {Kyle Banker and Peter Bakkum and Shaun Verch and Douglas Garrett and Tim Hawkins},
  editor         = {Mihalis Tsoukalos},
  title          = {MongoDB in Action, Second Edition},
  publisher      = {Manning Publications},
  year           = {2016},
  pages          = {75-97},
}

@book{latexcompanion,
    author    = "Michel Goossens and Frank Mittelbach and Alexander Samarin",
    title     = "The \LaTeX\ Companion",
    year      = "1993",
    publisher = "Addison-Wesley",
    address   = "Reading, Massachusetts"
}